@article{typesystem,
    author    = "Hui Jiang and Dong Lin and Xingyuan Zhang and Xiren Xie",
    year =  2001,
    pages = "286-292",
    title     = "Type system in programming languages",
    journal = "Journal of Computer Science and Technology"
}

@article{staticTyping,
	author = {Bruce, Kim},
	year = {2002},
	month = {01},
	pages = {},
	title = {Foundations of Object-Oriented Programming Languages: Types and Semantics}
}

@inproceedings{dynamicTyping,
	author = {Pil, Marco},
	title = {Dynamic Types and Type Dependent Functions},
	year = {1998},
	isbn = {3540662294},
	publisher = {Springer-Verlag},
	address = {Berlin, Heidelberg},
	booktitle = {Selected Papers from the 10th International Workshop on 10th International Workshop},
	pages = {169–185},
	numpages = {17},
	series = {IFL '98}
}

@online{java,
    author    = "Oracle",
    title     = "Java™ Programming Language",
    url       = "https://docs.oracle.com/javase/7/docs/technotes/guides/language/",
    urldate   = "2020-11-06"
}

@online{cpp,
    author    = "cplusplus.com",
    title     = "Information on the C++ language",
    url       = "https://www.cplusplus.com/info/",
    urldate   = "2020-11-06"
}

@online{c,
    author    = "cppreference.com",
    title     = "C language",
    url       = "https://en.cppreference.com/w/c/language",
    urldate   = "2020-12-16"
}

@online{python,
    author    = "Python Software Foundation",
    title     = "Python",
    url       = "https://www.python.org/",
    urldate   = "2020-12-16"
}

@online{js,
    author    = "JavaScript.com",
    title     = "JavaScript",
    url       = "https://www.javascript.com/",
    urldate   = "2020-12-16"
}

@article{inferenceType,
	author = {Pierce, Benjamin C. and Turner, David N.},
	title = {Local Type Inference},
	year = {2000},
	issue_date = {Jan. 2000},
	publisher = {Association for Computing Machinery},
	address = {New York, NY, USA},
	volume = {22},
	number = {1},
	issn = {0164-0925},
	url = {https://doi.org/10.1145/345099.345100},
	doi = {10.1145/345099.345100},
	journal = {ACM Trans. Program. Lang. Syst.},
	month = jan,
	pages = {1–44},
	numpages = {44},
	keywords = {subtyping, type inference, polymorphism}
}

@online{javaDuckType,
    author    = "Beyond Java",
    title     = "A Java Approach to Duck Typing Makes Reflection Easy",
    url       = "https://www.beyondjava.net/duck-typing-in-java",
    urldate   = "2020-12-16"
}

@online{cSharp,
    author    = "Microsoft",
    title     = "C# documentation",
    url       = "https://docs.microsoft.com/en-us/dotnet/csharp/",
    urldate   = "2020-12-16"
}

@online{goInferenceType,
    author    = "Golang",
    title     = "A Tour of Go: Type inference",
    url       = "https://tour.golang.org/basics/14",
    urldate   = "2020-12-16"
}

@Inbook{depenTypeAtWork,
    author="Bove, Ana and Dybjer, Peter",
    editor="Bove, Ana
    and Barbosa, Lu{\'i}s Soares
    and Pardo, Alberto
    and Pinto, Jorge Sousa",
    title="Dependent Types at Work",
    bookTitle="Language Engineering and Rigorous Software Development: International LerNet ALFA Summer School 2008, Piriapolis, Uruguay, February 24 - March 1, 2008, Revised Tutorial Lectures",
    year="2009",
    publisher="Springer Berlin Heidelberg",
    address="Berlin, Heidelberg",
    pages="57--99",
    isbn="978-3-642-03153-3",
    doi="10.1007/978-3-642-03153-3_2"
}


@online{epigram,
    author    = {{e-pig.org}},
    title     = "Epigram: Making Dependent Type Matters",
    url       = "http://www.e-pig.org/",
    urldate   = "2020-11-02"
}

@online{agda,
    author    = "Ulf Norell and Andreas Abel and Nils A. Danielsson and M. Takeyama, Catarina Coquand",
    title     = "Agda",
    url       = "https://agda.readthedocs.io/",
    urldate   = "2020-11-02"
}

@online{coq,
    author    = "The Coq development team",
    title     = "The Coq Proof Assistant",
    url       = "https://coq.inria.fr/",
    urldate   = "2020-11-02"
}

@online{idris,
    author    = "Edwin Brady",
    title     = "Idris: A Language for Type-Driven Development",
    url       = "https://www.idris-lang.org/",
    urldate   = "2020-11-11"
}

@inproceedings{xanadu,
  author    = {Hongwei Xi},
  title     = {Imperative Programming with Dependent Types},
  booktitle = {15th Annual {IEEE} Symposium on Logic in Computer Science, Santa Barbara,
               California, USA, June 26-29, 2000},
  pages     = {375--387},
  publisher = {{IEEE} Computer Society},
  year      = {2000},
  url       = {https://doi.org/10.1109/LICS.2000.855785},
  doi       = {10.1109/LICS.2000.855785},
  timestamp = {Wed, 16 Oct 2019 14:14:54 +0200},
  biburl    = {https://dblp.org/rec/conf/lics/Xi00.bib},
  bibsource = {dblp computer science bibliography, https://dblp.org}
}

@article{objOritentedDependentType,
  author    = {Joana Campos and
               Vasco T. Vasconcelos},
  title     = {Dependent Types for Class-based Mutable Objects (Artifact)},
  journal   = {Dagstuhl Artifacts Ser.},
  volume    = {4},
  number    = {3},
  pages     = {01:1--01:2},
  year      = {2018},
  url       = {https://doi.org/10.4230/DARTS.4.3.1},
  doi       = {10.4230/DARTS.4.3.1},
  timestamp = {Tue, 01 Sep 2020 14:09:22 +0200},
  biburl    = {https://dblp.org/rec/journals/darts/CamposV18.bib},
  bibsource = {dblp computer science bibliography, https://dblp.org}
}

@inproceedings{ynot,
  title={Ynot: dependent types for imperative programs},
  author={Aleksandar Nanevski and Greg Morrisett and Avraham Shinnar and Paul Govereau and L. Birkedal},
  booktitle={ICFP 2008},
  year={2008}
}

@Inbook{hoare,
  author="Bloom, Stephen L.
  and {\'E}sik, Zolt{\'a}n",
  title="Floyd-Hoare Logic",
  bookTitle="Iteration Theories: The Equational Logic of Iterative Processes",
  year="1993",
  publisher="Springer Berlin Heidelberg",
  address="Berlin, Heidelberg",
  pages="551--611",
  abstract="Suppose that f: Q {\textrightarrow} Q is a partial function on a set Q, where we might think of Q as a set of ``states'' of a machine. If $\alpha$ and $\beta$ are predicates on Q, i.e. total maps Q {\textrightarrow} {\{}TRUE, FALSE{\}}, partial correctness assertion {\{}$\alpha${\}} f {\{}$\beta${\}}, pca for short, means {\$}{\$}{\backslash}forall q {\backslash}in Q{\backslash}left[ {\{}{\backslash}alpha {\backslash}left( q {\backslash}right) = {\{}{\backslash}text{\{}TRUE{\}}{\}}{\backslash}, {\backslash}wedge f{\backslash}left( q {\backslash}right){\{}{\backslash}text{\{}defined{\}}{\}}{\backslash}, {\backslash}Rightarrow {\backslash}beta {\backslash}left( {\{}f{\backslash}left( q {\backslash}right) = {\{}{\backslash}text{\{}TRUE{\}}{\}}{\}} {\backslash}right){\}} {\backslash}right]{\$}{\$}.",
  isbn="978-3-642-78034-9",
  doi="10.1007/978-3-642-78034-9_15",
  url="https://doi.org/10.1007/978-3-642-78034-9_15"
}


@inproceedings{htt,
  author    = {Aleksandar Nanevski and
               Greg Morrisett and
               Lars Birkedal},
  editor    = {John H. Reppy and
               Julia L. Lawall},
  title     = {Polymorphism and separation in Hoare type theory},
  booktitle = {Proceedings of the 11th {ACM} {SIGPLAN} International Conference on
               Functional Programming, {ICFP} 2006, Portland, Oregon, USA, September
               16-21, 2006},
  pages     = {62--73},
  publisher = {{ACM}},
  year      = {2006},
  url       = {https://doi.org/10.1145/1159803.1159812},
  doi       = {10.1145/1159803.1159812},
  timestamp = {Tue, 06 Nov 2018 16:59:24 +0100},
  biburl    = {https://dblp.org/rec/conf/icfp/NanevskiMB06.bib},
  bibsource = {dblp computer science bibliography, https://dblp.org}
}

@article{purelyFP,
  title={What is a Purely Functional Language?},
  author={A. Sabry},
  journal={J. Funct. Program.},
  year={1998},
  volume={8},
  pages={1-22}
}

@inproceedings{fpHarder,
	author = {Khanfor, Abdullah and Yang, Ye},
	year = {2017},
	month = {12},
	pages = {50-54},
	title = {An Overview of Practical Impacts of Functional Programming},
	doi = {10.1109/APSECW.2017.27}
}